@article{ArtificialArt,
    author={Rückert, Johannes},
    title={Artificial Art: Image Generation using Evolutionary Algorithms},
    year={2015}
}

@book{AlgorytmyGenetyczne,
    author={Michalewicz, Zbigniew},
    title={Algorytmy genetyczne + struktury danych = programy ewolucyjne},
    publisher={Wydawnictwo Naukowo-Techniczne},
    year={2003}
}

@book{HowToSolveIt,
    author={Michalewicz, Zbigniew  and Fogel, David B.},
    title={How to Solve It: Modern Heuristics},
    publisher={Springer},
    edition={Second},
    year={2004}
}

@book{ZlozonoscObliczeniowa,
    author={Papadimitriou, Ch. H.},
    title={Złożoność obliczeniowa},
    publisher={Wydawnictwo Naukowo-Techniczne},
    pages={21, 26-27, 182, 290},
    year={2002}
}

@book{Cormen,
    author={Cormen, Thomas H. and Leiserson, Charles E. and et. al.},
    title={Wprowadzenie do algorytmów},
    publisher={Wydawnictwa Naukowo-Techniczne},
    pages={593-598},
    ISBN={83-204-2800-9},
    year={2001}
}

@booklet{EssentialsOfMetaheuristics,
    author={Luke, Sean},
    title={Essentials of Metaheuristics},
    note={A Set of Undergraduate Lecture Notes},
    school={Department of Computer ScienceGeorge, Mason University},
    edition={Second},
    year={2015}
}

@book{TabuSearch,
    author={Glover, F. and Laguna, M.},
    title={Tabu Search}
}

@book{SimulatedAnnealing,
    author={van~Laarhoven, P. J. M. and Aarts, E. H. L. },
    title={Simulated Annealing: Theory and Applications}
}

@book{Ant,
    author={Dorigo, M. and Di~Caro, G.},
    title={The Ant Colony Optimization meta-heuristic}
}

@book{GeneticAlgorithmsAndSimulatedAnnealing,
    author={Davis, L. and Steenstrup, M.},
    title={Genetic Algorithms and Simulated Annealing: An Overview}
}

@book{ObliczeniaRownolegle,
    author={Czech, Zbigniew J.},
    title={Wprowadzenie do obliczeń równoległych},
    publisher={Wydawnictwo Naukowe PWN},
    year={2013}
}

@misc{DockerDocs,
    title={Dokumentacja oprogramowanie \texttt{Docker}},
    howpublished={URL: \url{https://docs.docker.com/compose/}},
    url={https://docs.docker.com/compose/},
    note={[Dostęp: 11.12.2019r.]}
}

@misc{DockerOverview,
    title={Opis narzędzia \texttt{Docker}},
    howpublished={URL: \url{https://docs.docker.com/engine/docker-overview/}},
    url={https://docs.docker.com/engine/docker-overview/},
    note={[Dostęp: 12.12.2019r.]}
}

@misc{GoDocsImage,
    title={Dokumentacja języka \texttt{Go} - biblioteka \texttt{image}},
    howpublished={URL: \url{https://golang.org/pkg/image/}},
    url={https://golang.org/pkg/image/},
    note={[Dostęp: 16.11.2019r.]}
}

@misc{GoByExampleGorutine,
    title={Dokumentacja języka \texttt{Go} - gorutines},
    howpublished={URL: \url{https://gobyexample.com/goroutines}},
    url={https://gobyexample.com/goroutines},
    note={[Dostęp: 12.11.2019r.]}
}

@misc{GoByExampleChannel,
    title={Dokumentacja języka \texttt{Go} - channels},
    howpublished={URL: \url{https://gobyexample.com/channels}},
    url={https://gobyexample.com/channels},
    note={[Dostęp: 12.11.2019r.]}
}

@misc{GoDocsSync,
    title={Dokumentacja języka \texttt{Go} - biblioteka \texttt{sync}},
    howpublished={URL: \url{https://golang.org/pkg/sync/}},
    url={https://golang.org/pkg/sync/},
    note={[Dostęp: 12.11.2019r.]}
}

@misc{GoDocsWaitGroups,
    title={Dokumentacja języka \texttt{Go} - Wait groups},
    howpublished={URL: \url{https://gobyexample.com/waitgroups}},
    url={https://gobyexample.com/waitgroups},
    note={[Dostęp: 12.11.2019r.]}
}

@misc{RGBASpecification,
    title={Specyfikacja przestrzeni barw \texttt{RGBA}},
    howpublished={URL: \url{https://www.w3.org/TR/PNG-DataRep.html}},
    url={https://www.w3.org/TR/PNG-DataRep.html},
    note={[Dostęp: 16.11.2019r.]}
}

@misc{GANS,
    title={Przykład generowania obrazów za pomocą GANów},
    howpublished={URL:\url{https://towardsdatascience.com/a-new-way-to-look-at-gans-7c6b6e6e9737}},
    url={https://towardsdatascience.com/a-new-way-to-look-at-gans-7c6b6e6e9737},
    note={[Dostęp: 24.11.2019r.]}
}

@misc{SJPHeurystyka,
    title={Słownik języka polskiego},
    howpublished={URL: \url{https://sjp.pwn.pl/szukaj/heurystyka.html}},
    url={https://sjp.pwn.pl/szukaj/heurystyka.html},
    publisher={PWN},
    note={[Dostęp: 12.11.2019]}
}

@misc{WazniakZlozonosc,
    title={Wstęp do teorii złożoności obliczeniowej},
    howpublished={URL: \url{http://wazniak.mimuw.edu.pl/index.php?title=Z%C5%82o%C5%BCono%C5%9B%C4%87_obliczeniowa/Wyk%C5%82ad_1:_Obliczenia_w_modelu_maszyny_Turinga}},
    url={http://wazniak.mimuw.edu.pl/index.php?title=Z%C5%82o%C5%BCono%C5%9B%C4%87_obliczeniowa/Wyk%C5%82ad_1:_Obliczenia_w_modelu_maszyny_Turinga},
    publisher={PWN},
    note={[Dostęp: 22.11.2019]}
}

@misc{Gorutinse,
    title={Gorutines},
    howpublished={URL: \url{https://golangbot.com/goroutines/}},
    url={https://golangbot.com/goroutines/},
    note={[Dostęp: 12.11.2019]}
}

@misc{MonaLisa,
    title={Obraz \textit{Mona Lisa}},
    author={da~Vinci, Leonardo},
    howpublished={URL: \url{https://www.luelue.pl/media/catalog/product/cache/1/image/880x880/9df78eab33525d08d6e5fb8d27136e95/r/e/rep_vinci_002_10x7-wiz1.jpg}},
    url={https://www.luelue.pl/media/catalog/product/cache/1/image/880x880/9df78eab33525d08d6e5fb8d27136e95/r/e/rep_vinci_002_10x7-wiz1.jpg},
    note={[Dostęp: 28.12.2019r.]}
}

@misc{RGBCube,
    title={Schemat skali RGB},
    howpublished={URL: \url{https://upload.wikimedia.org/wikipedia/commons/a/af/RGB_color_solid_cube.png}},
    url={https://upload.wikimedia.org/wikipedia/commons/a/af/RGB_color_solid_cube.png},
    note={[Dostęp: 28.12.2019r.]}
}

@misc{AIFace,
    title={Zdjęcie twarzy wygenerowane przez AI},
    howpublished={URL: \url{https://generated.photos/face/joyfull-white-young-adult-male-with-short-blond-hair-and-blue-eyes--5dd09cb4def8b400084dc56f}},
    url={https://generated.photos/face/joyfull-white-young-adult-male-with-short-blond-hair-and-blue-eyes--5dd09cb4def8b400084dc56f},
    note={[Dostęp: 28.12.2019r.]}
}

@misc{Guernica,
    title={Obraz \textit{Guernica}},
    author={Picasso, Pablo},
    howpublished={URL: \url{https://www.artdependence.com/media/8815/guernica_all.jpg}},
    url={https://www.artdependence.com/media/8815/guernica_all.jpg},
    note={[Dostęp: 28.12.2019r.]}
}